%% Created using Papers on Wed, 13 Apr 2016.
%% http://papersapp.com/papers/

@article{whittaker1923-pems,
author = {Whittaker, E T},
title = {{On a New Method of Graduation}},
journal = {Proceedings of the Edinburgh Mathematical Society},
year = {1923},
volume = {41},
number = {01},
pages = {63--75},
month = feb
}

@article{Anonymous:yOhpVotK,
author = {Unser, M and Trus, B L and Steven, A C},
title = {{A new resolution criterion based on spectral signal-to-noise ratios}},
journal = {Ultramicroscopy},
year = {1987},
volume = {23},
number = {1},
pages = {39--51}
}

@article{Reinsch:1971ds,
author = {Reinsch, Dr Christian H},
title = {{Smoothing by spline functions. II}},
journal = {Numer. Math.},
year = {1971},
volume = {16},
number = {5},
pages = {451--454}
}

@article{Flannery:2005bi,
author = {Flannery, M R},
title = {{The enigma of nonholonomic constraints}},
journal = {Am. J. Phys.},
year = {2005},
volume = {73},
number = {3},
pages = {265--8}
}

@article{Blair:2007vx,
author = {Blair, Jerome},
title = {{Error estimates derived from the data for least-squares spline fitting}},
year = {2007},
pages = {1--6},
month = mar
}

@article{Blair:2008un,
author = {Blair, Jerome},
title = {{Optimal knot selection for least-squares fitting of noisy data with spline functions}},
year = {2008},
pages = {1--6},
month = jul
}

@article{Stephens:1974vu,
author = {Stephens, M A},
title = {{EDF statistics for goodness of fit and some comparisons}},
journal = {Journal of the American Statistical Association},
year = {1974},
volume = {69},
number = {347},
pages = {730--737}
}

@article{Wahba:1978fx,
author = {Wahba, G},
title = {{Improper priors, spline smoothing and the problem of guarding against model errors in regression}},
journal = {Journal of the Royal Statistical Society Series B ( {\ldots}},
year = {1978}
}

@article{Tibshirani:1984tf,
author = {Tibshirani, Robert},
title = {{Local Likelihood Estimation}},
year = {1984},
pages = {1--58},
month = sep
}

@article{Wahba:1975gn,
author = {Wahba, Prof Dr Grace},
title = {{Smoothing noisy data with spline functions}},
journal = {Numer. Math.},
year = {1975},
volume = {24},
number = {5},
pages = {383--393}
}

@techreport{faa2016-report,
author = {{WAAS T{\&}E Team}},
title = {{Global Positioning System (GPS) Standard Positioning Service (SPS) Performance Analysis Report}},
institution = {William J. Hughes Technical Center},
year = {2016},
number = {92},
month = jan
}

@article{Krivobokova:2007dz,
author = {Krivobokova, T and Kauermann, G},
title = {{A note on penalized spline smoothing with correlated errors}},
journal = {Journal of the American {\ldots}},
year = {2007},
volume = {102},
number = {480},
pages = {1328--1337}
}

@article{reinsch1967-nm,
author = {Reinsch, Christian H},
title = {{Smoothing by spline functions}},
journal = {Numer. Math.},
year = {1967},
volume = {10},
number = {3},
pages = {177--183}
}

@article{Jupp:1978ff,
author = {Jupp, DLB},
title = {{Approximation to data by splines with free knots}},
journal = {SIAM Journal on Numerical Analysis},
year = {1978},
volume = {15},
number = {2},
pages = {328--343}
}

@article{Cantoni:2002dh,
author = {Cantoni, Eva and Hastie, Trevor},
title = {{Degrees-of-freedom tests for smoothing splines}},
journal = {Biometrika},
year = {2002},
volume = {89},
number = {2},
pages = {251--263},
month = jun
}

@article{Anonymous:lG2qHg_3,
title = {{Smoothing and Non-Parametric Regression}},
year = {2006},
pages = {1--12},
month = feb
}

@article{Anonymous:2011vl,
author = {Rife, Jason and Pervan, Boris},
title = {{Overbounding Revisited: Discrete Error-Distribution Modeling for Safety-Critical GPS Navigation}},
journal = {Aerospace and Electronic Systems, IEEE Transactions on},
year = {2012},
volume = {48},
number = {2},
pages = {1537--1551},
month = apr
}

@article{Lee:2003et,
author = {Lee, TCM},
title = {{Smoothing parameter selection for smoothing splines: a simulation study}},
journal = {Computational statistics {\&} Data analysis},
year = {2003},
volume = {42},
number = {1-2},
pages = {139--148}
}

@book{press1992-book,
author = {Press, W H and Teukolsky, S A and Vetterling, W T and Flannery, B P},
title = {{Numerical Recipes in C}},
publisher = {Cambridge University Press},
year = {1992},
series = {The Art of Scientific Computing},
edition = {2nd}
}

@article{Craven:1979hm,
author = {Craven, Peter and Wahba, Grace},
title = {{Smoothing noisy data with spline functions}},
journal = {Numer. Math.},
year = {1979},
volume = {31},
number = {4},
pages = {377--403}
}

@book{deboor1978-book,
author = {De Boor, Carl},
title = {{A practical guide to splines}},
publisher = {Springer-Verlag New York},
year = {1978},
volume = {27}
}

@article{elipot2016-jgr,
author = {Elipot, Shane and Lumpkin, Rick and Perez, Renellys and Early, Jeffrey J. and Sykulski, Adam M},
title = {{A global surface drifter dataset at hourly resolution}},
journal = {J. Geophys. Res. Oceans},
year = {2016}
}

@article{Diggle:1989jt,
author = {Diggle, Peter J and Hutchinson, Michael F},
title = {{ON SPLINE SMOOTHING WITH AUTOCORRELATED ERRORS}},
journal = {Australian Journal of Statistics},
year = {1989},
volume = {31},
number = {1},
pages = {166--182},
month = mar
}

@article{Tibshirani:1987hm,
author = {Tibshirani, Robert and Hastie, Trevor},
title = {{Local Likelihood Estimation}},
journal = {Journal of the American Statistical Association},
year = {1987},
volume = {82},
number = {398},
pages = {559--567},
month = jun
}

@article{Ljung:1978gw,
author = {Ljung, G M and BOX, G E P},
title = {{On a measure of lack of fit in time series models}},
journal = {Biometrika},
year = {1978},
volume = {65},
number = {2},
pages = {297--303},
month = aug
}

@article{Gutstein:2011jw,
author = {Gutstein, Steven and Freudenthal, Eric and Jamal-Kamali, Ali and Kreinovich, Vladik and Morgenthaler, David},
title = {{Work in progress {\&}{\#}x2014; The Rod-Spring approximation: An intuitive approach to the best-fit least-squares linear approximation}},
journal = {2011 Frontiers in Education Conference (FIE)},
year = {2011},
pages = {S1D--1--S1D--2}
}

@article{Pollock:1993ta,
author = {Pollock, DSG},
title = {{Smoothing with cubic splines}},
year = {1993}
}

@article{DeBoor:1968wr,
author = {De Boor, C and Rice, J R},
title = {{Least squares cubic spline approximation, II-variable knots}},
year = {1968}
}

@article{Kohn:1991kr,
author = {Kohn, Robert and Ansley, Craig F and Tharm, David},
title = {{The Performance of Cross-Validation and Maximum Likelihood Estimators of Spline Smoothing Parameters}},
journal = {Journal of the American Statistical Association},
year = {1991},
volume = {86},
number = {416},
pages = {1042--1050},
month = dec
}

@article{Teanby:2007is,
author = {Teanby, Nicholas A},
title = {{Constrained Smoothing of Noisy Data Using Splines in~Tension}},
journal = {Math Geol},
year = {2007},
volume = {39},
number = {4},
pages = {419--434},
month = aug,
annote = {Teanby applies tension to the spline in terms of Hooke's law in order to prevent large overshoots. This is quite similar to my idea of minimizing the Lagrangian along the curve as well.}
}

@article{Simon:2004ii,
author = {Simon, D},
title = {{Data smoothing and interpolation using eighth-order algebraic splines}},
journal = {Signal Processing},
year = {2004}
}

@article{shcherbina2015-bams,
author = {Shcherbina, Andrey Y and Sundermeyer, Miles A and Kunze, Eric and D'Asaro, Eric and Badin, Gualtiero and Birch, Daniel and Brunner-Suzuki, Anne-Marie E G and Callies, J{\"o}rn and Kuebel Cervantes, Brandy T and Claret, Mariona and Concannon, Brian and Early, Jeffrey J. and Ferrari, Raffaele and Goodman, Louis and Harcourt, Ramsey R and Klymak, Jody M and Lee, Craig M and Lelong, M Pascale and Levine, Murray D and Lien, R C and Mahadevan, Amala and McWilliams, James C and Molemaker, M Jeroen and Mukherjee, Sonaljit and Nash, Jonathan D and {\"O}zg{\"o}kmen, Tamay and Pierce, Stephen D and Ramachandran, Sanjiv and Samelson, Roger M and Sanford, Thomas B and Shearman, R Kipp and Skyllingstad, Eric D and Smith, K Shafer and Tandon, Amit and Taylor, John R and Terray, Eugene A and Thomas, Leif N and Ledwell, James R},
title = {{The LatMix Summer Campaign: Submesoscale Stirring in the Upper Ocean}},
journal = {Bull. Amer. Meteor. Soc.},
year = {2015},
volume = {96},
number = {8},
pages = {1257--1279},
month = aug
}

@book{brown1997-book,
author = {Brown, Robert G and Hwang, Patrick Y.C.},
title = {{Introduction to random signals and applied Kalman filtering with MATLAB exercises and solutions}},
publisher = {Wiley},
year = {1997},
edition = {4th}
}

